<?xml version="1.0" encoding="UTF-8"?><collection xmlns="http://www.loc.gov/MARC21/slim"><record><leader>00349nam--2200133-i-4500</leader><controlfield tag="001">000013717</controlfield><controlfield tag="002">20161230</controlfield><controlfield tag="005">20161230201030</controlfield><controlfield tag="008">060222s1000------------r-----000-0-eng-d</controlfield><datafield ind1=" " ind2=" " tag="080"><subfield code="a">628.8</subfield></datafield><datafield ind1=" " ind2=" " tag="100"><subfield code="a">Andjulovici, Alexei Si Georgescu, Stefan</subfield></datafield><datafield ind1=" " ind2=" " tag="245"><subfield code="a">Confortul termic in cladiri</subfield></datafield><datafield ind1=" " ind2=" " tag="260"><subfield code="a">Bucuresti, Editura Tehnica, 1966 433 P</subfield></datafield><datafield ind1=" " ind2=" " tag="852"><subfield code="a">47688</subfield></datafield></record></collection>